@inproceedings{logical-modules, 
author={H. {Gall} and K. {Hajek} and M. {Jazayeri}}, 
booktitle={Proceedings. International Conference on Software Maintenance (Cat. No. 98CB36272)}, 
title={Detection of logical coupling based on product release history}, 
year={1998}, 
volume={}, 
number={}, 
pages={190-198}, 
keywords={configuration management;software maintenance;logical coupling;product release history;reengineering;restructuring;release information;version number;History;Europe;Tellurium;Software systems;Documentation;Information analysis;Pattern analysis;PROM}, 
doi={10.1109/ICSM.1998.738508}, 
ISSN={1063-6773}, 
month={Nov},
langid      = {english}}

@article{project-memory, 
author={D. {Cubranic} and G. C. {Murphy} and J. {Singer} and K. S. {Booth}}, 
journal={IEEE Transactions on Software Engineering}, 
title={Hipikat: a project memory for software development}, 
year={2005}, 
volume={31}, 
number={6}, 
pages={446-465}, 
keywords={software tools;project management;Java;programming environments;software performance evaluation;Hipikat tool;project memory;software development;software artifacts;recommerider system;user studies;software development project;software modification task;Eclipse Java IDE;Eclipse software;learning aid;Programming;Virtual groups;Software systems;Computer Society;Software tools;Performance evaluation;Java;Software performance;Recommender systems;Employee welfare;Index Terms- Software development teams;project memory;software artifacts;recommender system;user studies.}, 
doi={10.1109/TSE.2005.71}, 
ISSN={0098-5589}, 
month={June},
langid      = {english}}

@article{source-change, 
author={A. T. T. {Ying} and G. C. {Murphy} and R. {Ng} and M. C. {Chu-Carroll}}, 
journal={IEEE Transactions on Software Engineering}, 
title={Predicting source code changes by mining change history}, 
year={2004}, 
volume={30}, 
number={9}, 
pages={574-586}, 
keywords={data mining;software tools;program verification;software maintenance;configuration management;software developers;modification task;code base;source code changes prediction;data mining technique;change history;Eclipse open source project;Mozilla open source project;software maintainability;pattern clustering;pattern classification;association rules;History;Data mining;Association rules;Pattern analysis;Computer Society;Software systems;Computer languages;Frequency;Programming profession;Computer science;Index Terms- Enhancement;maintainability;clustering;classification;association rules;data mining.}, 
doi={10.1109/TSE.2004.52}, 
ISSN={0098-5589}, 
month={Sep.},
langid      = {english}}

@inproceedings{RFR, 
author={J. K. {Jaiswal} and R. {Samikannu}}, 
booktitle={2017 World Congress on Computing and Communication Technologies (WCCCT)}, 
title={Application of Random Forest Algorithm on Feature Subset Selection and Classification and Regression}, 
year={2017}, 
volume={}, 
number={}, 
pages={65-68}, 
keywords={feature extraction;pattern classification;regression analysis;set theory;random forest algorithm;feature subset selection;data sets;Missing data imputation;noisy data;data classification;regression problems;Vegetation;Feature extraction;Classification tree analysis;Classification algorithms;Symmetric matrices;Algorithm design and analysis;Indexes;Random Forest;Feature Selection;Classification;Regression;Gini Index;Wrapper and Filter Methods}, 
doi={10.1109/WCCCT.2016.25}, 
ISSN={}, 
month={Feb},
langid      = {english}}


@article{Chatley2018DiggitAC,
  title={Diggit: Automated code review via software repository mining},
  author={Robert Chatley and Lawrence Jones},
  journal={2018 IEEE 25th International Conference on Software Analysis, Evolution and Reengineering (SANER)},
  year={2018},
  pages={567-571},
  langid      = {english}
}